

@article{du2021assembly,
  title={Assembly of chromosome-scale contigs by efficiently resolving repetitive sequences with long reads},
  author={Du, Huilong and Liang, Chengzhi},
  journal={bioRxiv},
  year={2021},
  volume={345983},
  doi={10.1101/345983},
  url={https://doi.org/10.1101/345983}
}

@misc{minimap2,
  author = {Li, Heng},
  title = {Minimap2: Alignment for versatile sequence analysis},
  url = {https://github.com/lh3/minimap2},
  version = {2.26}, 
  year = {2023} 
}



